<record><leader>00000cas a2200000 a 4500</leader><controlfield tag="001">8797054</controlfield><controlfield tag="008">820922d18531856dcuir ne      0   a0eng  </controlfield><datafield ind1=" " ind2=" " tag="010"><subfield code="a">sn 82014835 </subfield></datafield><datafield ind1=" " ind2=" " tag="040"><subfield code="a">DLC</subfield><subfield code="b">eng</subfield><subfield code="c">DLC</subfield><subfield code="d">NPU</subfield><subfield code="d">NPX</subfield><subfield code="d">PPM</subfield><subfield code="d">DLC</subfield><subfield code="d">YOX</subfield><subfield code="d">NVK</subfield><subfield code="d">OCL</subfield><subfield code="d">DLC</subfield><subfield code="d">KRTAS</subfield><subfield code="d">OCLCO</subfield><subfield code="d">OCLCQ</subfield><subfield code="d">OCLCF</subfield><subfield code="d">DLC</subfield></datafield><datafield ind1="0" ind2=" " tag="022"><subfield code="a">2471-6502</subfield><subfield code="2">1</subfield></datafield><datafield ind1=" " ind2=" " tag="042"><subfield code="a">pcc</subfield><subfield code="a">nsdp</subfield></datafield><datafield ind1=" " ind2=" " tag="043"><subfield code="a">n-us-dc</subfield></datafield><datafield ind1="0" ind2="0" tag="050"><subfield code="a">Newspaper</subfield></datafield><datafield ind1="1" ind2="0" tag="082"><subfield code="a">071</subfield><subfield code="2">23</subfield></datafield><datafield ind1="0" ind2=" " tag="130"><subfield code="a">Washington sentinel (Washington, D.C. : Triweekly)</subfield></datafield><datafield ind1=" " ind2="0" tag="222"><subfield code="a">Washington sentinel</subfield><subfield code="b">(Washington, D.C. Triweekly. Print)</subfield></datafield><datafield ind1="1" ind2="0" tag="245"><subfield code="a">Washington sentinel.</subfield></datafield><datafield ind1=" " ind2=" " tag="250"><subfield code="a">Triweekly ed.</subfield></datafield><datafield ind1=" " ind2=" " tag="260"><subfield code="a">City of Washington [D.C.] :</subfield><subfield code="b">Beverley Tucker,</subfield><subfield code="c">1853-1856.</subfield></datafield><datafield ind1=" " ind2=" " tag="300"><subfield code="a">v. ;</subfield><subfield code="c">61 cm.</subfield></datafield><datafield ind1=" " ind2=" " tag="310"><subfield code="a">Triweekly</subfield></datafield><datafield ind1="0" ind2=" " tag="362"><subfield code="a">Vol. 1, no. 1 (Oct. 4, 1853)-v. 3, no. 138 (Aug. 19, 1856).</subfield></datafield><datafield ind1=" " ind2=" " tag="500"><subfield code="a">Publishers: Beverley Tucker, &lt;1853&gt;; Beverley Tucker and W.M. Overton, &lt;1855&gt;-1856.</subfield></datafield><datafield ind1=" " ind2=" " tag="500"><subfield code="a">Editors: W.M. Overton and C. Maurice Smith, &lt;1853&gt;; W.M. Overton, C. Maurice Smith and Beverley Tucker, &lt;1855&gt;-1856.</subfield></datafield><datafield ind1=" " ind2=" " tag="515"><subfield code="a">Vol. 3, no. 138 misnumbered v. 3, no. 136.</subfield></datafield><datafield ind1=" " ind2=" " tag="525"><subfield code="a">Supplements accompany some issues.</subfield></datafield><datafield ind1=" " ind2=" " tag="530"><subfield code="a">Also issued on microfilm from the Library of Congress, Photoduplication Service.</subfield></datafield><datafield ind1=" " ind2=" " tag="530"><subfield code="a">Archived issues are available in digital format from the Library of Congress Chronicling America online collection.</subfield></datafield><datafield ind1=" " ind2=" " tag="580"><subfield code="a">Also published in daily and weekly eds. of the same name.</subfield></datafield><datafield ind1=" " ind2="0" tag="651"><subfield code="a">Washington (D.C.)</subfield><subfield code="v">Newspapers.</subfield></datafield><datafield ind1=" " ind2="7" tag="651"><subfield code="a">Washington (D.C.)</subfield><subfield code="2">fast</subfield><subfield code="0">(OCoLC)fst01204505</subfield></datafield><datafield ind1=" " ind2="7" tag="655"><subfield code="a">Newspapers.</subfield><subfield code="2">fast</subfield><subfield code="0">(OCoLC)fst01423814</subfield></datafield><datafield ind1=" " ind2=" " tag="752"><subfield code="a">United States</subfield><subfield code="b">District of Columbia</subfield><subfield code="d">Washington.</subfield></datafield><datafield ind1="1" ind2=" " tag="775"><subfield code="t">Washington sentinel (Washington, D.C. : Daily)</subfield><subfield code="x">2381-0564</subfield><subfield code="w">(DLC)sn 84020104</subfield><subfield code="w">(OCoLC)10345474</subfield></datafield><datafield ind1="1" ind2=" " tag="775"><subfield code="t">Washington sentinel (Washington, D.C. : 1853 : Weekly)</subfield><subfield code="w">(DLC)sn 86053205</subfield></datafield><datafield ind1="0" ind2="8" tag="776"><subfield code="i">Online version:</subfield><subfield code="t">Washington sentinel (Washington, D.C. : Triweekly)</subfield><subfield code="x">2471-6510</subfield><subfield code="w">(DLC)  2016271031</subfield><subfield code="w">(OCoLC)945696970</subfield></datafield><datafield ind1="4" ind2="1" tag="856"><subfield code="u">http://www.loc.gov/chroniclingamerica/lccn/sn82014835/issues</subfield></datafield><datafield ind1=" " ind2=" " tag="938"><subfield code="a">Kirtas Technologies, Inc.</subfield><subfield code="b">KRTS</subfield><subfield code="n">736016</subfield></datafield><datafield ind1="1" ind2=" " tag="029"><subfield code="a">AU@</subfield><subfield code="b">000020225189</subfield></datafield></record>